@article{nobel2003,
author="中原, 正二",
title="アルフレッド ノーベル 工業雷管,ダイナマイトの発明とダイナマイト帝国の建設",
journal="火薬と保安",
ISSN="1343781X",
publisher="全国火薬類保安協会",
year="2003",
month="",
volume="35",
number="2",
pages="26-30",
URL="http://ci.nii.ac.jp/naid/40005872859/",
DOI="",
}

@misc{bakuhatsu2016,
author = {},
title = {Clipart - battle},
howpublished = {\url{https://openclipart.org/detail/11612/battle}},
month = {},
year = {},
note = {(Visited on 02/02/2016)}
}