@article{40020336083,
author="東京 花子",
title="実世界に爆発を重畳させて対象物を破壊するディスプレイの基礎検討",
journal="日本爆発学会大会論文集 Proceedings of the Explosion Society of Japan, Annual Conference",
publisher="[日本爆発学会]",
year="3000",
month="apr",
volume="1",
number="",
pages="41-44",
DOI="",
}